@Book{Abragam61,
  Author         = {Abragam, Anatole},
  Title          = {The {P}rinciples of {N}uclear {M}agnetism},
  Publisher      = {Clarendon Press},
  Address        = {Oxford},
  year           = 1961
}

@Article{Clore90,
  Author         = {Clore, G.M. and Szabo, A. and Bax, A. and Kay, L.E.
                   and Driscoll, P.C. and Gronenborn, A.M.},
  Title          = {Deviations from the simple 2-parameter model-free
                   approach to the interpretation of {N}-15 nuclear
                   magnetic-relaxation of proteins},
  Journal        = {Journal of the American Chemical Society},
  Volume         = {112},
  Number         = {12},
  Pages          = {4989 -- 4991},
  address        = {1155 16th St, NW, Washington, DC 20036},
  citedref       = {ABRAGAM A, 1961, PRINCIPLES NUCLEAR M ; CLORE GM, IN
                   PRESS BIOCHEMISTR ; DELLWO MJ, 1989, J AM CHEM SOC,
                   V111, P4571 ; KARPLUS M, 1981, CRC CRIT REV BIOCH, V9,
                   P293 ; KAY LE, 1989, BIOCHEMISTRY-US, V28, P8972 ; LEVY
                   RM, 1981, J AM CHEM SOC, V103, P994 ; LIPARI G, 1982, J
                   AM CHEM SOC, V104, P4546 ; LIPARI G, 1982, J AM CHEM
                   SOC, V104, P4559 ; LIPPARI G, 1982, NATURE, V300, P197
                   ; LONDON RE, 1981, MAGNETIC RESONANCE B, V1, P1 ;
                   MCCAIN DC, 1986, J AM CHEM SOC, V108, P4259 ; NIRMALA
                   NR, 1989, J MAGN RESON, V82, P659 ; POWELL MJD, 1965,
                   COMPUT J, V7, P303 ; WEAVER AJ, 1988, BIOPHYS J, V54,
                   P1},
  isifile-dt     = {Note},
  isifile-ga     = {DH277},
  isifile-j9     = {J Amer Chem Soc},
  isifile-ji     = {J. Am. Chem. Soc.},
  isifile-nr     = {14},
  isifile-pi     = {Washington},
  isifile-rp     = {Clore, GM, NIDDKD,Chem Phys Lab,Bldg 2,Bethesda,MD
                   20892.},
  isifile-sc     = {Chemistry, Multidisciplinary},
  isifile-tc     = {463},
  issn           = {0002-7863},
  language       = {English},
  month          = {JUN 6},
  publisher      = {Amer Chemical Soc},
  size           = {3 p.},
  sourceid       = {ISI:A1990DH27700070},
  year           = 1990
}

@Article{LipariSzabo82a,
  Author         = {Lipari, G. and Szabo, A.},
  Title          = {Model-free approach to the interpretation of nuclear
                   magnetic-resonance relaxation in macromolecules {I}.
                   {T}heory and range of validity},
  Journal        = {Journal of the American Chemical Society},
  Volume         = {104},
  Number         = {17},
  Pages          = {4546 -- 4559},
  address        = {1155 16TH ST, NW, Washington, DC 20036},
  authoraddress  = {NIADDKD,Chem Phys Lab,Bethesda,MD 20205.},
  citedref       = {BOCIAN DF, 1978, ANNU REV PHYS CHEM, V29, P307 ;
                   BRAINARD JR, 1981, BIOCHEMISTRY-US, V20, P4618 ; BRINK
                   DM, 1968, ANGULAR MOMENTUM ; BULL TE, 1978, J AM CHEM
                   SOC, V100, P4643 ; DILL K, 1979, J AM CHEM SOC, V101,
                   P4376 ; HOWARTH OW, 1979, J CHEM SOC FARAD T 2, V75,
                   P863 ; KING R, 1978, BIOPHYS J, V6, P103 ; KING R,
                   1978, CHEM PHYS LETT, V55, P15 ; KINOSITA K, 1977,
                   BIOPHYS J, V20, P289 ; LEVY RM, 1981, J AM CHEM SOC,
                   V103, P5998 ; LEVY RM, 1981, J AM CHEM SOC, V103, P994
                   ; LIPARI G, 1980, BIOPHYS J, V30, P489 ; LIPARI G,
                   1981, BIOCHEMISTRY-US, V20, P6250 ; LIPARI G, 1981, J
                   CHEM PHYS, V75, P2971 ; LONDON RE, 1978, J AM CHEM SOC,
                   V100, P7159 ; LONDON RE, 1980, MAGNETIC RESONANCE B,
                   V1, P1 ; RIBEIRO AA, 1980, J AM CHEM SOC, V102, P4040 ;
                   RICHARZ R, 1980, BIOCHEMISTRY-US, V19, P5189 ; SCHAEFER
                   J, 1973, MACROMOLECULES, V6, P882 ; SZABO A, 1980, J
                   CHEM PHYS, V72, P4620 ; WALLACH D, 1967, J CHEM PHYS,
                   V47, P5258 ; WITTEBORT RJ, 1978, J CHEM PHYS, V69,
                   P1722 ; WITTEBORT RJ, 1980, J AM CHEM SOC, V102, P5723
                   ; WOESSNER DE, 1962, J CHEM PHYS, V36, P1},
  isifile-dt     = {Article},
  isifile-ga     = {PC829},
  isifile-j9     = {J Amer Chem Soc},
  isifile-ji     = {J. Am. Chem. Soc.},
  isifile-nr     = {24},
  isifile-pi     = {Washington},
  isifile-sc     = {Chemistry, Multidisciplinary},
  isifile-tc     = {1642},
  issn           = {0002-7863},
  language       = {English},
  publisher      = {Amer Chemical Soc},
  size           = {14 p.},
  sourceid       = {ISI:A1982PC82900009},
  year           = 1982
}

@Article{LipariSzabo82b,
  Author         = {Lipari, G. and Szabo, A.},
  Title          = {Model-free approach to the interpretation of nuclear
                   magnetic-resonance relaxation in macromolecules {II}.
                   {A}nalysis of experimental results},
  Journal        = {Journal of the American Chemical Society},
  Volume         = {104},
  Number         = {17},
  Pages          = {4559 -- 4570},
  abstract       = {For pt.I see ibid., vol.104, p.4546 (1982). In the
                   preceding paper it has been shown that the unique
                   dynamic information on fast internal motions in an NMR
                   relaxation experiment on macromolecules in solution is
                   specified by a generalized order parameter, S , and an
                   effective correlation time, tau /sub e/. The authors
                   now deal with the extraction and interpretation of this
                   information. The procedure used to obtain S /sup 2/ and
                   tau /sub e/ from experimental data by using a
                   least-squares method and, in certain favorable
                   circumstances, by using an analytical formula is
                   described. A variety of experiments are then analyzed
                   to yield information on the time scale and spatial
                   restriction of internal motions of isoleucines in
                   myoglobin, methionines in dihydrofolate reductase and
                   myoglobin, a number of aliphatic residues in basic
                   pancreatic trypsin inhibitor, and ethyl isocyanide
                   bound to myoglobin, hemoglobin, and aliphatic side
                   chains in three random-coil polymers. The numerical
                   values of S /sup 2/ and tau /sub e / can be readily
                   interpreted within the framework of a variety of
                   models.},
  address        = {1155 16TH ST, NW, Washington, DC 20036},
  authoraddress  = {NIADDKD,Chem Phys Lab,Bethesda,MD 20205.},
  citedref       = {BLAKLEY RL, 1978, BIOCHEMISTRY-US, V17, P2284 ;
                   BRAINARD JR, 1981, BIOCHEMISTRY-US, V20, P4618 ; FREY
                   MN, 1973, ACTA CRYSTALLOGR B, V29, P876 ; GHESQUIERE D,
                   1979, MACROMOLECULES, V12, P775 ; GILMAN JG, 1979,
                   BIOCHEMISTRY-US, V18, P2273 ; HOWARTH OW, 1979, J CHEM
                   SOC FARAD T 2, V75, P863 ; JONES WC, 1976, J BIOL CHEM,
                   V251, P7452 ; KARPLUS M, 1979, NATURE, V277, P578 ;
                   KINOSITA K, 1977, BIOPHYS J, V20, P289 ; LEHMANN MS,
                   1972, J AM CHEM SOC, V94, P2657 ; LEVY GC, 1978, J AM
                   CHEM SOC, V100, P410 ; LEVY RM, 1981, J AM CHEM SOC,
                   V103, P5998 ; LIPARI G, 1980, BIOPHYS J, V30, P489 ;
                   LIPARI G, 1981, J CHEM PHYS, V75, P2971 ; LIPARI G,
                   1982, J AM CHEM SOC, V104, P4546 ; LONDON RE, 1978, J
                   AM CHEM SOC, V100, P7159 ; MCCAMMON JA, 1977, NATURE,
                   V267, P585 ; RIBEIRO AA, 1980, J AM CHEM SOC, V102,
                   P4040 ; RICHARZ R, 1980, BIOCHEMISTRY-US, V19, P5189 ;
                   WALLACH D, 1967, J CHEM PHYS, V47, P5258 ; WANG CC,
                   1980, J CHEM PHYS, V72, P5333 ; WERBELOW LG, 1977, ADV
                   MAGN RESON, V9, P189 ; WITTEBORT RJ, 1978, J CHEM PHYS,
                   V69, P1722 ; WITTEBORT RJ, 1979, P NATL ACAD SCI USA,
                   V76, P1059 ; WITTEBORT RJ, 1980, J AM CHEM SOC, V102,
                   P5723 ; WOESSNER DE, 1962, J CHEM PHYS, V36, P1},
  isifile-dt     = {Article},
  isifile-ga     = {PC829},
  isifile-j9     = {J Amer Chem Soc},
  isifile-ji     = {J. Am. Chem. Soc.},
  isifile-nr     = {26},
  isifile-pi     = {Washington},
  isifile-sc     = {Chemistry, Multidisciplinary},
  isifile-tc     = {839},
  issn           = {0002-7863},
  language       = {English},
  publisher      = {Amer Chemical Soc},
  size           = {12 p.},
  sourceid       = {ISI:A1982PC82900010},
  year           = 1982
}

@Article{Mandel95,
  Author         = {Mandel, A.M. and Akke, M. and Palmer, 3rd, A.G.},
  Title          = {Backbone dynamics of {\em{E}scherichia coli}
                   ribonuclease {HI}: correlations with structure and
                   function in an active enzyme.},
  Journal        = {J Mol Biol},
  Volume         = {246},
  Number         = {1},
  Pages          = {144-63},
  abstract       = {Ribonuclease H is an endonuclease that hydrolyzes the
                   RNA moiety of RNA-DNA duplex molecules. Escherichia
                   coli ribonuclease H is involved in DNA replication, and
                   retroviral ribonuclease H is essential for reverse
                   transcription of the viral genome. To characterize the
                   intramolecular dynamical properties of E. coli
                   ribonuclease H, spin-lattice relaxation rate constants,
                   spin-spin relaxation rate constants and steady state
                   nuclear Overhauser effects for the 15N nuclear spins
                   were measured by using proton-detected heteronuclear
                   NMR spectroscopy. The relaxation data were analyzed by
                   using a series of dynamical models in conjunction with
                   a statistical model selection protocol. Ribonuclease H
                   exhibits a complex array of dynamical features, most
                   notably in the parallel beta-strands of the principal
                   five-stranded beta-sheet, the coiled-coil helical
                   interface, the active site, and the loop regions
                   surrounding the active site. The dynamical properties
                   are correlated with local structural environments of
                   the 15N spins and suggest possible relationships to the
                   functional properties of ribonuclease H. Results for E.
                   coli ribonuclease H are compared to previously reported
                   results for the human immunodeficiency virus type 1
                   ribonuclease H domain of reverse transcriptase.},
  authoraddress  = {Department of Biochemistry and Molecular Biophysics,
                   Columbia University, New York, NY 10032.},
  keywords       = {Binding Sites ; Escherichia coli/*enzymology ;
                   HIV-1/enzymology ; HIV-1 Reverse Transcriptase ; Humans
                   ; Magnetic Resonance Spectroscopy ; *Models, Molecular
                   ; Molecular Structure ; *Protein Structure, Secondary ;
                   RNA-Directed DNA Polymerase/chemistry ; Research
                   Support, Non-U.S. Gov't ; Research Support, U.S. Gov't,
                   P.H.S. ; Ribonuclease H, Calf
                   Thymus/*chemistry/metabolism ; Structure-Activity
                   Relationship},
  language       = {eng},
  medline-aid    = {S0022283684700738 [pii]},
  medline-da     = {19950316},
  medline-dcom   = {19950316},
  medline-edat   = {1995/02/10},
  medline-fau    = {Mandel, A M ; Akke, M ; Palmer, A G 3rd},
  medline-gr     = {5T32-GM-07367/GM/NIGMS ; GM-50291/GM/NIGMS},
  medline-is     = {0022-2836},
  medline-jid    = {2985088R},
  medline-lr     = {20041117},
  medline-mhda   = {2001/03/28 10:01},
  medline-own    = {NLM},
  medline-pl     = {ENGLAND},
  medline-pmid   = {7531772},
  medline-pst    = {ppublish},
  medline-pt     = {Journal Article},
  medline-pubm   = {Print},
  medline-rn     = {EC 2.7.7.- (HIV-1 Reverse Transcriptase) ; EC 2.7.7.49
                   (RNA-Directed DNA Polymerase) ; EC 3.1.26.4
                   (Ribonuclease H, Calf Thymus) ; EC 3.1.26.4
                   (ribonuclease HI)},
  medline-sb     = {IM ; X},
  medline-so     = {J Mol Biol 1995 Feb 10;246(1):144-63.},
  medline-stat   = {MEDLINE},
  url            = {http://eutils.ncbi.nlm.nih.gov/entrez/eutils/elink.fcgi?cmd=prlinks\&dbfrom=pubmed\&retmode=ref\&id=7531772},
  year           = 1995
}


